@inproceedings{sivakorn:cookie-hijack,
    author={Sivakorn, Suphannee and Polakis, Iasonas and Keromytis, Angelos D.},
    title={{The Cracked Cookie Jar: HTTP Cookie Hijacking and the Exposure of Private Information}}
}
@inproceedings{jennifer:breaking-audio,
	author={Tam, Jennifer and Sima, Jiri and Hyde, Sean and von Ahn, Lois},
    title={{Breaking Audio CHAPTCHAs}}
}
@inproceedings{ebay:machine-noise,
	author={ Bursztein, Elie and Bethard, Steven},
    title={Decaptcha: Breaking 75\% of eBay Audio CAPTCHAs}

}
@inproceedings{recurrent:machine-noise,
	author={L. Maas, Andrew and Quoc, V. Le and M. O'Neil, Tyler },
    title={Recurrent Neural Networks for Noise Reduction in Robust ASR}

}
@inproceedings{distil,
	author={Distil Networks},
    title={Distil Networks Study Reveals CAPTCHAs Have Negative Impact on Web Traffic and Leads},
	url={https://www.distilnetworks.com/distil-networks-study-captchas-negative-impact-on-web-traffic/}
}

@inproceedings{sivakorn2016robot,
  title={I am robot:(deep) learning to break semantic image captchas},
  author={Sivakorn, Suphannee and Polakis, Iasonas and Keromytis, Angelos D},
  booktitle={Security and Privacy (EuroS\&P), 2016 IEEE European Symposium on},
  pages={388--403},
  year={2016},
  organization={IEEE}
}
@inproceedings{shirali2011accessibility,
  title={Accessibility of CAPTCHA methods},
  author={Shirali-Shahreza, Sajad and Shirali-Shahreza, M Hassan},
  booktitle={Proceedings of the 4th ACM workshop on security and artificial intelligence},
  pages={109--110},
  year={2011},
  organization={ACM}
}
@inproceedings{kochanski2002reverse,
  title={A reverse turing test using speech.},
  author={Kochanski, Greg and Lopresti, Daniel P and Shih, Chilin},
  booktitle={INTERSPEECH},
  year={2002}
}
  @inproceedings{chan2003using,
  title={Using a test-to-speech synthesizer to generate a reverse Turing test},
  author={Chan, Tsz-Yan},
  booktitle={Tools with Artificial Intelligence, 2003. Proceedings. 15th IEEE International Conference on},
  pages={226--232},
  year={2003},
  organization={IEEE}
}
@inproceedings{chellapilla2005designing,
  title={Designing human friendly human interaction proofs (HIPs)},
  author={Chellapilla, Kumar and Larson, Kevin and Simard, Patrice and Czerwinski, Mary},
  booktitle={Proceedings of the SIGCHI conference on Human factors in computing systems},
  pages={711--720},
  year={2005},
  organization={ACM}
}
@inproceedings{sauer2008towards,
  title={Towards a universally usable CAPTCHA},
  author={Sauer, Graig and Hochheiser, Harry and Feng, Jinjuan and Lazar, Jonathan},
  booktitle={Proceedings of the 4th Symposium on Usable Privacy and Security},
  volume={6},
  pages={1},
  year={2008}
}
@inproceedings{schluessler2007bot,
  title={Is a bot at the controls?: Detecting input data attacks},
  author={Schluessler, Travis and Goglin, Stephen and Johnson, Erik},
  booktitle={Proceedings of the 6th ACM SIGCOMM workshop on Network and system support for games},
  pages={1--6},
  year={2007},
  organization={ACM}
}
@inproceedings{bigham2008inspiring,
  title={Inspiring blind high school students to pursue computer science with instant messaging chatbots},
  author={Bigham, Jeffrey P and Aller, Maxwell B and Brudvik, Jeremy T and Leung, Jessica O and Yazzolino, Lindsay A and Ladner, Richard E},
  booktitle={ACM SIGCSE Bulletin},
  volume={40},
  number={1},
  pages={449--453},
  year={2008},
  organization={ACM}
}
@inproceedings{bigham2009evaluating,
  title={Evaluating existing audio CAPTCHAs and an interface optimized for non-visual use},
  author={Bigham, Jeffrey P and Cavender, Anna C},
  booktitle={Proceedings of the SIGCHI Conference on Human Factors in Computing Systems},
  pages={1829--1838},
  year={2009},
  organization={ACM}
}
@inproceedings{bursztein2011failure,
  title={The failure of noise-based non-continuous audio captchas},
  author={Bursztein, Elie and Beauxis, Romain and Paskov, Hristo and Perito, Daniele and Fabry, Celine and Mitchell, John},
  booktitle={Security and Privacy (SP), 2011 IEEE Symposium on},
  pages={19--31},
  year={2011},
  organization={IEEE}
}
@article{meutzner2016toward,
  title={Toward Improved Audio CAPTCHAs Based on Auditory Perception and Language Understanding},
  author={Meutzner, Hendrik and Gupta, Santosh and Nguyen, Viet-Hung and Holz, Thorsten and Kolossa, Dorothea},
  journal={ACM Transactions on Privacy and Security (TOPS)},
  volume={19},
  number={4},
  pages={10},
  year={2016},
  publisher={ACM}
}
@inproceedings{bursztein2009decaptcha,
  title={Decaptcha: breaking 75\% of eBay audio CAPTCHAs},
  author={Bursztein, Elie and Bethard, Steven},
  booktitle={Proceedings of the 3rd USENIX conference on Offensive technologies},
  pages={8},
  year={2009},
  organization={USENIX Association}
}
@inproceedings{sano2013solving,
  title={Solving Google's continuous audio CAPTCHA with HMM-based automatic speech recognition},
  author={Sano, Shotaro and Otsuka, Takuma and Okuno, Hiroshi G},
  booktitle={International Workshop on Security},
  pages={36--52},
  year={2013},
  organization={Springer}
}
@inproceedings{meutzner2014using,
  title={Using automatic speech recognition for attacking acoustic CAPTCHAs: The trade-off between usability and security},
  author={Meutzner, Hendrik and Nguyen, Viet-Hung and Holz, Thorsten and Kolossa, Dorothea},
  booktitle={Proceedings of the 30th Annual Computer Security Applications Conference},
  pages={276--285},
  year={2014},
  organization={ACM}
}
@inproceedings{media,
    title={The Chromium Projects: Media Internals},
	url={https://www.chromium.org/audio-video/media-internals}
}
@inproceedings{radcaptcha,
    title={RadCaptcha - Telerik ASP.NET Captcha},
	url={http://demos.telerik.com/aspnet-ajax/captcha/examples/overview/defaultcs.aspx}
}