@inproceedings{sivakorn:cookie-hijack,
    author={Sivakorn, Suphannee and Polakis, Iasonas and Keromytis, Angelos D.},
    title={The Cracked Cookie Jar: HTTP Cookie Hijacking and the Exposure of Private Information}
}
@inproceedings{jennifer:breaking-audio,
	author={Tam, Jennifer and Sima, Jiri and Hyde, Sean and von Ahn, Lois},
    title={Breaking Audio CAPTCHAs}
}
@inproceedings{ebay:machine-noise,
	author={ Bursztein, Elie and Bethard, Steven},
    title={Decaptcha: Breaking 75% of eBay Audio CAPTCHAs}

}
@inproceedings{recurrent:machine-noise,
	author={L. Maas, Andrew and Quoc, V. Le and M. Oâ€™Neil, Tyler },
    title={Recurrent Neural Networks for Noise Reduction in Robust ASR}

}

